<record><leader>00724cam a2200193 a 4500</leader><controlfield tag="001">100644197</controlfield><controlfield tag="003">MiAaHDL</controlfield><controlfield tag="005">20150317000000.0</controlfield><controlfield tag="006">m        d        </controlfield><controlfield tag="007">cr bn ---auaua</controlfield><controlfield tag="008">930929r    1598xxuaf   r     000|0 eng d</controlfield><datafield tag="035" ind1=" " ind2=" "><subfield code="a">sdr-uiowa001384083</subfield></datafield><datafield tag="035" ind1=" " ind2=" "><subfield code="a">(OCoLC)32861724</subfield></datafield><datafield tag="040" ind1=" " ind2=" "><subfield code="a">IaU</subfield><subfield code="c">IaU</subfield><subfield code="e">dcrb</subfield></datafield><datafield tag="050" ind1="0" ind2=" "><subfield code="a">JC139</subfield><subfield code="b">.L3413 1598</subfield></datafield><datafield tag="100" ind1="1" ind2=" "><subfield code="a">La Perrière, Guillaume de,</subfield><subfield code="d">1499-1565.</subfield></datafield><datafield tag="240" ind1="1" ind2="0"><subfield code="a">Miroir politiqve.</subfield><subfield code="l">English</subfield></datafield><datafield tag="245" ind1="1" ind2="4"><subfield code="a">The mirrovr of policie :</subfield><subfield code="b">a worke nolesse profitable than necessarie, for all magistrates, and gouernors of estates and commonweales.</subfield></datafield><datafield tag="260" ind1=" " ind2=" "><subfield code="a">London :</subfield><subfield code="b">Printed by Adam Jslip,</subfield><subfield code="c">1598.</subfield></datafield><datafield tag="300" ind1=" " ind2=" "><subfield code="a">[270] p., [1] folded leaf of plates :</subfield><subfield code="b">ill. ;</subfield><subfield code="c">19 cm. (fol.)</subfield></datafield><datafield tag="500" ind1=" " ind2=" "><subfield code="a">Photocopy.</subfield></datafield><datafield tag="538" ind1=" " ind2=" "><subfield code="a">Mode of access: Internet.</subfield></datafield><datafield tag="650" ind1=" " ind2="0"><subfield code="a">Political science</subfield><subfield code="x">Early works to 1800.</subfield></datafield><datafield tag="CID" ind1=" " ind2=" "><subfield code="a">100644197</subfield></datafield><datafield tag="DAT" ind1="0" ind2=" "><subfield code="a">20000721233800.0</subfield><subfield code="b">20150317000000.0</subfield></datafield><datafield tag="DAT" ind1="1" ind2=" "><subfield code="a">20150323104107.0</subfield><subfield code="b">2022-04-22T17:30:53Z</subfield></datafield><datafield tag="DAT" ind1="2" ind2=" "><subfield code="a">2022-04-22T17:30:02Z</subfield><subfield code="b">2015-04-29T20:00:04Z</subfield></datafield><datafield tag="CAT" ind1=" " ind2=" "><subfield code="a">SDR-UIOWA</subfield><subfield code="d">EX LIBRIS - ALEPH - 21</subfield><subfield code="l">loader.pl-003-020</subfield></datafield><datafield tag="FMT" ind1=" " ind2=" "><subfield code="a">BK</subfield></datafield><datafield tag="HOL" ind1=" " ind2=" "><subfield code="0">sdr-uiowa001384083</subfield><subfield code="a">IaU</subfield><subfield code="b">SDR</subfield><subfield code="c">IAU</subfield><subfield code="p">iau.31858010524910</subfield><subfield code="s">IAU</subfield><subfield code="1">001384083</subfield></datafield><datafield tag="974" ind1=" " ind2=" "><subfield code="b">IAU</subfield><subfield code="c">IAU</subfield><subfield code="d">20220422</subfield><subfield code="s">google</subfield><subfield code="u">iau.31858010524910</subfield><subfield code="r">pdus</subfield><subfield code="q">gfv</subfield></datafield></record>